<record><leader>00000cas a22000007a 4500</leader><controlfield tag="001">11636143</controlfield><controlfield tag="008">850130d18541854njuwr ne      0    0eng d</controlfield><datafield ind1=" " ind2=" " tag="010"><subfield code="a">sn 85025302 </subfield></datafield><datafield ind1=" " ind2=" " tag="040"><subfield code="a">NPX</subfield><subfield code="b">eng</subfield><subfield code="c">NPX</subfield><subfield code="d">NPA</subfield><subfield code="d">OCLCQ</subfield></datafield><datafield ind1=" " ind2=" " tag="042"><subfield code="a">msc</subfield></datafield><datafield ind1="0" ind2="4" tag="245"><subfield code="a">The Commonwealth, and people's vindicator.</subfield></datafield><datafield ind1="3" ind2="0" tag="246"><subfield code="a">People's vindicator</subfield></datafield><datafield ind1=" " ind2=" " tag="260"><subfield code="a">Mount Holly, N.J. :</subfield><subfield code="b">J. Loxley Rhees,</subfield><subfield code="c">1854.</subfield></datafield><datafield ind1=" " ind2=" " tag="300"><subfield code="a">v.</subfield></datafield><datafield ind1=" " ind2=" " tag="310"><subfield code="a">Weekly</subfield></datafield><datafield ind1="0" ind2=" " tag="362"><subfield code="a">Vol. 1, no. 1 (Sept. 20, 1854)-v. 1, no. 6 (Nov. 1, 1854).</subfield></datafield><datafield ind1=" " ind2=" " tag="500"><subfield code="a">Campaign paper supporting the "Temperance ticket."</subfield></datafield><datafield ind1=" " ind2=" " tag="752"><subfield code="a">United States</subfield><subfield code="b">New Jersey</subfield><subfield code="c">Burlington</subfield><subfield code="d">Mount Holly.</subfield></datafield></record>